% Use this file for citations not found in the ACL Anthology (contained in "anthology.bib").


@inproceedings{kirchenbauer2023watermark,
  title        = {A watermark for large language models},
  author       = {Kirchenbauer, John and Geiping, Jonas and Wen, Yuxin and Katz, Jonathan and Miers, Ian and Goldstein, Tom},
  booktitle    = {International Conference on Machine Learning},
  pages        = {17061--17084},
  year         = {2023},
  organization = {PMLR}
}

@misc{aaronson2023reform,
  author       = {Scott Aaronson},
  title        = {{20 - 'Reform' AI Alignment with Scott Aaronson}},
  year         = {2023},
  howpublished = {\url{https://axrp.net/episode/2023/04/11/episode-20-reform-ai-alignment-scott-aaronson.html}},
  note         = {AXRP - The AI X-risk Research Podcast}
}

@article{kuditipudi2023robust,
  title   = {Robust distortion-free watermarks for language models},
  author  = {Kuditipudi, Rohith and Thickstun, John and Hashimoto, Tatsunori and Liang, Percy},
  journal = {arXiv preprint arXiv:2307.15593},
  year    = {2023}
}

@article{liu2024adaptive,
  title   = {Adaptive text watermark for large language models},
  author  = {Liu, Yepeng and Bu, Yuheng},
  journal = {arXiv preprint arXiv:2401.13927},
  year    = {2024}
}

@article{christ2024provably,
  title   = {Provably Robust Watermarks for Open-Source Language Models},
  author  = {Christ, Miranda and Gunn, Sam and Malkin, Tal and Raykova, Mariana},
  journal = {arXiv preprint arXiv:2410.18861},
  year    = {2024}
}

@article{gu2023learnability,
  title   = {On the learnability of watermarks for language models},
  author  = {Gu, Chenchen and Li, Xiang Lisa and Liang, Percy and Hashimoto, Tatsunori},
  journal = {arXiv preprint arXiv:2312.04469},
  year    = {2023}
}

@article{block2025gaussmark,
  title   = {GaussMark: A Practical Approach for Structural Watermarking of Language Models},
  author  = {Block, Adam and Sekhari, Ayush and Rakhlin, Alexander},
  journal = {arXiv preprint arXiv:2501.13941},
  year    = {2025}
}

@article{gloaguen2025towards,
  title   = {Towards Watermarking of Open-Source LLMs},
  author  = {Gloaguen, Thibaud and Jovanović, Nikola and Staab, Robin and Vechev, Martin},
  journal = {arXiv preprint arXiv:2502.10525},
  year    = {2025}
}


@inproceedings{ajith-etal-2024-downstream,
  title     = {Downstream Trade-offs of a Family of Text Watermarks},
  author    = {Ajith, Anirudh  and
               Singh, Sameer  and
               Pruthi, Danish},
  editor    = {Al-Onaizan, Yaser  and
               Bansal, Mohit  and
               Chen, Yun-Nung},
  booktitle = {Findings of the Association for Computational Linguistics: EMNLP 2024},
  month     = nov,
  year      = {2024},
  address   = {Miami, Florida, USA},
  publisher = {Association for Computational Linguistics},
  url       = {https://aclanthology.org/2024.findings-emnlp.821/},
  doi       = {10.18653/v1/2024.findings-emnlp.821},
  pages     = {14039--14053}
}

@misc{xu2024learningwatermarkllmgeneratedtext,
  title         = {Learning to Watermark LLM-generated Text via Reinforcement Learning},
  author        = {Xiaojun Xu and Yuanshun Yao and Yang Liu},
  year          = {2024},
  eprint        = {2403.10553},
  archiveprefix = {arXiv},
  primaryclass  = {cs.LG},
  url           = {https://arxiv.org/abs/2403.10553}
}

@article{elhassan2025can,
  title   = {Can you Finetune your Binoculars? Embedding Text Watermarks into the Weights of Large Language Models},
  author  = {Elhassan, Fay and Ajroldi, Niccol{\`o} and Orvieto, Antonio and Geiping, Jonas},
  journal = {arXiv preprint arXiv:2504.06446},
  year    = {2025}
}

@article{hu2022lora,
  title   = {Lora: Low-rank adaptation of large language models.},
  author  = {Hu, Edward J and Shen, Yelong and Wallis, Phillip and Allen-Zhu, Zeyuan and Li, Yuanzhi and Wang, Shean and Wang, Lu and Chen, Weizhu and others},
  journal = {ICLR},
  volume  = {1},
  number  = {2},
  pages   = {3},
  year    = {2022}
}

@article{touvron2023llama,
  title={Llama 2: Open foundation and fine-tuned chat models},
  author={Touvron, Hugo and Martin, Louis and Stone, Kevin and Albert, Peter and Almahairi, Amjad and Babaei, Yasmine and Bashlykov, Nikolay and Batra, Soumya and Bhargava, Prajjwal and Bhosale, Shruti and others},
  journal={arXiv preprint arXiv:2307.09288},
  year={2023}
}

@misc{jiang2023mistral7b,
      title={Mistral 7B}, 
      author={Albert Q. Jiang and Alexandre Sablayrolles and Arthur Mensch and Chris Bamford and Devendra Singh Chaplot and Diego de las Casas and Florian Bressand and Gianna Lengyel and Guillaume Lample and Lucile Saulnier and Lélio Renard Lavaud and Marie-Anne Lachaux and Pierre Stock and Teven Le Scao and Thibaut Lavril and Thomas Wang and Timothée Lacroix and William El Sayed},
      year={2023},
      eprint={2310.06825},
      archivePrefix={arXiv},
      primaryClass={cs.CL},
      url={https://arxiv.org/abs/2310.06825}, 
}

@misc{qwen2025qwen25technicalreport,
      title={Qwen2.5 Technical Report}, 
      author={Qwen and : and An Yang and Baosong Yang and Beichen Zhang and Binyuan Hui and Bo Zheng and Bowen Yu and Chengyuan Li and Dayiheng Liu and Fei Huang and Haoran Wei and Huan Lin and Jian Yang and Jianhong Tu and Jianwei Zhang and Jianxin Yang and Jiaxi Yang and Jingren Zhou and Junyang Lin and Kai Dang and Keming Lu and Keqin Bao and Kexin Yang and Le Yu and Mei Li and Mingfeng Xue and Pei Zhang and Qin Zhu and Rui Men and Runji Lin and Tianhao Li and Tianyi Tang and Tingyu Xia and Xingzhang Ren and Xuancheng Ren and Yang Fan and Yang Su and Yichang Zhang and Yu Wan and Yuqiong Liu and Zeyu Cui and Zhenru Zhang and Zihan Qiu},
      year={2025},
      eprint={2412.15115},
      archivePrefix={arXiv},
      primaryClass={cs.CL},
      url={https://arxiv.org/abs/2412.15115}, 
}

@misc{rastogi2024revisitingrobustness,
      title={Revisiting the Robustness of Watermarking to Paraphrasing Attacks}, 
      author={Saksham Rastogi and Danish Pruthi},
      year={2024},
      eprint={2411.05277},
      archivePrefix={arXiv},
      primaryClass={cs.CR},
      url={https://arxiv.org/abs/2411.05277}, 
}

@article{ba2016layer,
  title={Layer normalization},
  author={Ba, Jimmy Lei and Kiros, Jamie Ryan and Hinton, Geoffrey E},
  journal={arXiv preprint arXiv:1607.06450},
  year={2016}
}

@misc{Gokaslan2019OpenWeb,  
	title={OpenWebText Corpus},
	author={Aaron Gokaslan and Vanya Cohen},
	howpublished={\url{http://Skylion007.github.io/OpenWebTextCorpus}}, 
	year={2019}
}

@article{krishna2023paraphrasing,
  title={Paraphrasing evades detectors of ai-generated text, but retrieval is an effective defense},
  author={Krishna, Kalpesh and Song, Yixiao and Karpinska, Marzena and Wieting, John and Iyyer, Mohit},
  journal={Advances in Neural Information Processing Systems},
  volume={36},
  pages={27469--27500},
  year={2023}
}